@inproceedings{Czarnecki:Progress,
	author = "Theodosis Georgiou and Yiannis Demiris",
	title = "Adaptive user modelling in car racing games using
behavioural and physiological data",
	booktitle = "User Model User-Adap Inter",
	month = dec,
	year = "2015",
	address = "London, UK",
}

@inproceedings{Czarnecki:Progress,
	author = "Jared Cechanowicz, Carl Gutwin, Scott Bateman, Regan L. Mandryk, and Ian Stavness",
	title = "Improving Player Balancing in Racing Games",
	booktitle = "Improving Player Balancing in Games",
	month = oct,
	year = "2014",
	address = "Saskatoon, Canada",
}